<record><leader>00000cas a22000007a 4500</leader><controlfield tag="001">2252746</controlfield><controlfield tag="008">760620d18801969nduwr ne      0    0eng d</controlfield><datafield ind1=" " ind2=" " tag="010"><subfield code="a">sn 89074446 </subfield></datafield><datafield ind1=" " ind2=" " tag="040"><subfield code="a">MUL</subfield><subfield code="b">eng</subfield><subfield code="c">MUL</subfield><subfield code="d">NOP</subfield><subfield code="d">OCLCQ</subfield></datafield><datafield ind1=" " ind2=" " tag="042"><subfield code="a">msc</subfield></datafield><datafield ind1="0" ind2="4" tag="245"><subfield code="a">The Casselton reporter.</subfield></datafield><datafield ind1="3" ind2="0" tag="246"><subfield code="a">Casselton reporter and the Casseltonian</subfield></datafield><datafield ind1=" " ind2=" " tag="260"><subfield code="a">Casselton, Dakota [N.D.] :</subfield><subfield code="b">A.W. McCormack</subfield></datafield><datafield ind1=" " ind2=" " tag="300"><subfield code="a">89 v. :</subfield><subfield code="b">ill. ;</subfield><subfield code="c">54-58 cm.</subfield></datafield><datafield ind1=" " ind2=" " tag="310"><subfield code="a">Weekly</subfield></datafield><datafield ind1="1" ind2=" " tag="362"><subfield code="a">Began in May 1880.</subfield></datafield><datafield ind1="0" ind2=" " tag="362"><subfield code="a">-89th year, no. 47 (Mar. 14, 1969).</subfield></datafield><datafield ind1=" " ind2=" " tag="500"><subfield code="a">Official paper of the City and County, 1891-1897; County, 1898-1902.</subfield></datafield><datafield ind1=" " ind2=" " tag="500"><subfield code="a">Published as: Casselton reporter and the Casseltonian, Oct. 4, 1895-May 15, 1896.</subfield></datafield><datafield ind1=" " ind2=" " tag="500"><subfield code="a">Sometimes published two editions called First Edition and Second Edition. First edition for June 23, 1967 misnumbered Vol. 39, no. 40.</subfield></datafield><datafield ind1=" " ind2=" " tag="530"><subfield code="a">Available on microfilm from the State Historical Society of North Dakota.</subfield></datafield><datafield ind1=" " ind2=" " tag="580"><subfield code="a">Includes section: Hunter times, Aug. 11-Dec. 2, 1966, May 12-26, June 23, 1967.</subfield></datafield><datafield ind1=" " ind2=" " tag="580"><subfield code="a">Also a section of: Hunter times, Aug. 11-Dec. 15, 1966, Jan 5-Dec. 7, 1967.</subfield></datafield><datafield ind1=" " ind2=" " tag="588"><subfield code="a">Description based on: Vol. 1, no. 9 (Aug. 19, 1880).</subfield></datafield><datafield ind1=" " ind2=" " tag="752"><subfield code="a">United States</subfield><subfield code="b">North Dakota</subfield><subfield code="c">Cass</subfield><subfield code="d">Casselton.</subfield></datafield><datafield ind1="1" ind2=" " tag="777"><subfield code="t">Hunter times</subfield><subfield code="w">(DLC)sn 89074449</subfield></datafield><datafield ind1="0" ind2="5" tag="780"><subfield code="t">Casseltonian</subfield><subfield code="w">(DLC)sn 89074445</subfield></datafield><datafield ind1="0" ind2="0" tag="785"><subfield code="t">Reporter (Casselton, N.D.)</subfield><subfield code="w">(DLC)sn 89074447</subfield></datafield><datafield ind1="1" ind2=" " tag="029"><subfield code="a">AU@</subfield><subfield code="b">000025875055</subfield></datafield></record>